@inproceedings{mogul2003tcp,
  title={TCP offload is a dumb idea whose time has come},
  author={Mogul, Jeffrey C},
  booktitle={9th Workshop on Hot Topics in Operating Systems (HotOS IX)},
  year={2003},
  url={https://www.usenix.org/legacy/events/hotos03/tech/full_papers/mogul/mogul.pdfe},
  accessed={2025-04-01},
}

@software{amaranth,
  author       = {Amaranth HDL Development Team},
  title        = {Amaranth HDL: A modern hardware description language},
  url          = {https://github.com/amaranth-lang/amaranth},
  version      = {Latest release (as of March 24, 2025)},
  dateaccessed = {2025-03-24}
}

@software{luna,
    author = {Great Scott Gadgets},
    title = {LUNA: Amaranth HDL framework for monitoring, hacking, and developing USB devices },
    url = {https://github.com/greatscottgadgets/luna},
    version = {0.2.0},
    dateaccessed = {2025-03-25},
}

@software{esp-idf-http-server,
    author = {Espressif},
    title = {ESP-IDF example: HTTP Server},
    url = {https://github.com/esp-rs/std-training/tree/main/intro/http-server},
    dateaccessed = {2025-03-27},
}

@misc{fomu,
  author       = {Tim 'mithro' Ansell},
  title        = {Fomu: An Open Source FPGA for Everyone},
  url          = {https://tomu.im/fomu.html},
  note         = {Accessed March 24, 2025},
  year         = {2018--}
}

@misc{request-smuggling,
  author       = {Chaim Linhard, Amit Klein, Ronen Heled, Steve Orrin},
  title        = {HTTP Request Smuggling},
  url          = {https://www.cgisecurity.com/lib/HTTP-Request-Smuggling.pdf},
  note         = {Accessed March 27, 2025},
  year         = {2006--}
}

% https://github.com/HypothesisWorks/hypothesis/blob/master/CITATION.cff
@article{MacIver2019Hypothesis,
    journal = {Journal of Open Source Software},
    doi = {10.21105/joss.01891},
    issn = {2475-9066},
    number = {43},
    publisher = {The Open Journal},
    title = {Hypothesis: A new approach to property-based testing},
    url = {http://dx.doi.org/10.21105/joss.01891},
    volume = {4},
    author = {MacIver, David and Hatfield-Dodds, Zac and Contributors, Many},
    pages = {1891},
    date = {2019-11-21},
    year = {2019},
    month = {11},
    day = {21},
  }

% https://github.com/pytest-dev/pytest/blob/main/CITATION
@misc{pytest8.3,
  title =        {pytest 8.3},
  author = {Krekel, Holger and Oliveira, Bruno and Pfannschmidt, Ronny and Bruynooghe, Floris and Laugher, Brianna and Bruhin, Florian},
  year =         {2004},
  url = {https://github.com/pytest-dev/pytest},
}

% https://datatracker.ietf.org/doc/rfc2324/bibtex/
@misc{rfc2324,
    series =    {Request for Comments},
    number =    2324,
    howpublished =  {RFC 2324},
    publisher = {RFC Editor},
    doi =       {10.17487/RFC2324},
    url =       {https://www.rfc-editor.org/info/rfc2324},
    author =    {Larry M Masinter},
    title =     {{Hyper Text Coffee Pot Control Protocol (HTCPCP/1.0)}},
    pagetotal = 10,
    year =      1998,
    month =     apr,
    day =       1,
    abstract =  {This document describes HTCPCP, a protocol for controlling, monitoring, and diagnosing coffee pots. This memo provides information for the Internet community. It does not specify an Internet standard of any kind.},
}

% https://datatracker.ietf.org/doc/rfc7168/bibtex/
@misc{rfc7168,
    series =    {Request for Comments},
    number =    7168,
    howpublished =  {RFC 7168},
    publisher = {RFC Editor},
    doi =       {10.17487/RFC7168},
    url =       {https://www.rfc-editor.org/info/rfc7168},
    author =    {Imran Nazar},
    title =     {{The Hyper Text Coffee Pot Control Protocol for Tea Efflux Appliances (HTCPCP-TEA)}},
    pagetotal = 7,
    year =      2014,
    month =     apr,
    day =       1,
    abstract =  {The Hyper Text Coffee Pot Control Protocol (HTCPCP) specification does not allow for the brewing of tea, in all its variety and complexity. This paper outlines an extension to HTCPCP to allow for pots to provide networked tea-brewing facilities.},
}

% https://jargon-file.org/archive/jargon-4.4.6.dos.txt
@misc{jargonfile_blinkenlights,
  author = "{Eric S. Raymond}",
  title = "{The Jargon File, version 4.4.6: blinkenlights}",
  howpublished = {\url{https://jargon-file.org/archive/jargon-4.4.6.dos.txt}},
  note = {Definition of "blinkenlights},
  urldate = {2025-03-30}
}

% https://www.merriam-webster.com/dictionary/teapot 
@incollection{mw:teapot,
  author    = {Merriam-Webster},
  title     = {Abulia},
  booktitle = {Merriam-Webster.com dictionary},
  url       = {https://www.merriam-webster.com/dictionary/teapot},
  urldate   = {2025-03-28},
}

@misc{error418net,
  author = {{Error 418}},
  title = {Error 418: I'm a teapot},
  url = {https://error418.net/},
  urldate = {2025-03-28}
}

@misc{joereddington418,
  author = {Reddington, Joe},
  title = {418 Error Code Teapot},
  url = {https://web.archive.org/web/20150906071854/http://joereddington.com/projects/418-error-code-teapot/},
  urldate = {2025-03-28},
  note = {Archived at the Wayback Machine: September 6, 2015}
}

@misc{rfc1945,
    series =    {Request for Comments},
    number =    1945,
    howpublished =  {RFC 1945},
    publisher = {RFC Editor},
    doi =       {10.17487/RFC1945},
    url =       {https://www.rfc-editor.org/info/rfc1945},
    author =    {Henrik Nielsen and Roy T. Fielding and Tim Berners-Lee},
    title =     {{Hypertext Transfer Protocol -- HTTP/1.0}},
    pagetotal = 60,
    year =      1996,
    month =     may,
    abstract =  {The Hypertext Transfer Protocol (HTTP) is an application-level protocol with the lightness and speed necessary for distributed, collaborative, hypermedia information systems. This memo provides information for the Internet community. This memo does not specify an Internet standard of any kind.},
}

@misc{rfc9112,
    series =    {Request for Comments},
    number =    9112,
    howpublished =  {RFC 9112},
    publisher = {RFC Editor},
    doi =       {10.17487/RFC9112},
    url =       {https://www.rfc-editor.org/info/rfc9112},
    author =    {Roy T. Fielding and Mark Nottingham and Julian Reschke},
    title =     {{HTTP/1.1}},
    pagetotal = 46,
    year =      2022,
    month =     jun,
    abstract =  {The Hypertext Transfer Protocol (HTTP) is a stateless application-level protocol for distributed, collaborative, hypertext information systems. This document specifies the HTTP/1.1 message syntax, message parsing, connection management, and related security concerns. This document obsoletes portions of RFC 7230.},
}

@misc{rfc9759,
    series =    {Request for Comments},
    number =    9759,
    howpublished =  {RFC 9759},
    publisher = {RFC Editor},
    doi =       {10.17487/RFC9759},
    url =       {https://www.rfc-editor.org/info/rfc9759},
    author =    {},
    title =     {{Unified Time Scaling for Temporal Coordination Frameworks}},
    pagetotal = 5,
    year =      2025,
    month =     apr,
    day =       1,
    abstract =  {Estimating time requirements for tasks, both critical and mundane, remains a challenge in engineering, business, and everyday communication. Existing models fail due to inherent unpredictability and inconsistencies in human estimation. This document introduces the Two-Week Principle (TWP), a novel, universally adaptable time scale that seeks to standardize all temporal references to a singular, uniform duration. TWP ensures clarity, predictability, and synchronization across all sectors that rely on time-based scheduling.},
}

@misc{tinytapeout,
  author = {Tiny Tapeout},
  title = {Tiny Tapeout},
  url = {https://tinytapeout.com/},
  urldate = {2025-04-01}
}

@inproceedings{murphy2022harder,
    author = {Murphy, VII, Tom},
    title = {Harder Drive: Hard drives we didn't want or need},
    publisher = {ACH},
    booktitle = {A record of the proceedings of {SIGBOVIK} 2022},
    location = "Pittsburgh, {USA}",
    note = {\url{tom7.org/harder}},
    month = "April",
    day = 8,
    year = "2022",
    pages = {259--277},
}
